% Encoding: UTF-8

@book{myers2004art,
  title={The Art of Software Testing},
  author={Myers, Glenford J and Badgett, Tom and Thomas, Todd M and Sandler, Corey},
  year={2004},
  publisher={New Jersey: John Wiley \& Sons, Inc.}
}
